@book{UI,
    author = {Pavol Návrat a kol.},
    title = {Umelá inteligencia},
    year = {2007},
    publisher = {Vydavateľstvo STU v Bratislave}
}